@misc{applied-ds,
  author = {Brooks, Cristopher and Collins-Thompson, Kevyn and Vydiswaran, V. G. Vinod and Romero, Daniel},
  title  = {{Applied Data Science with Python}},
  url    = {https://www.coursera.org/specializations/data-science-python}
}

@misc{intro-ds,
  author = {Brooks, Cristopher},
  title  = {{Introduction to Data Science in Python}},
  url    = {https://www.coursera.org/learn/python-data-analysis?specialization=data-science-python}
}

@misc{plotting,
  author = {Brooks, Cristopher},
  title  = {{Applied Plotting, Charting and Data Representation in Python}},
  url    = {https://www.coursera.org/learn/python-plotting?specialization=data-science-python}
}

@misc{applied-ml,
  author = {Collins-Thompson, Kevyn},
  title  = {{Applied Machine Learning in Python}},
  url    = {https://www.coursera.org/learn/python-machine-learning?specialization=data-science-python}
}

@misc{text-mining,
  author = {Vydiswaran, V. G. Vinod},
  title  = {{Applied Text Mining in Python}},
  url    = {https://www.coursera.org/learn/python-text-mining?specialization=data-science-python}
}

@misc{network-analysis,
  author = {Romero, Daniel},
  title  = {{Applied Social Network Analysis in Python}},
  url    = {https://www.coursera.org/learn/python-social-network-analysis?specialization=data-science-python}
}

@book{strang2006linear,
  title     = {Linear algebra and its applications.},
  author    = {Strang, Gilbert},
  year      = {2006},
  publisher = {Belmont, CA: Thomson, Brooks/Cole}
}

@book{aggarwal2020linear,
  title     = {Linear algebra and optimization for machine learning},
  author    = {Aggarwal, Charu C and Aggarwal, Lagerstrom-Fife and Lagerstrom-Fife},
  volume    = {156},
  year      = {2020},
  publisher = {Springer}
}

@book{deisenroth2020mathematics,
  title     = {Mathematics for machine learning},
  author    = {Deisenroth, Marc Peter and Faisal, A Aldo and Ong, Cheng Soon},
  year      = {2020},
  publisher = {Cambridge University Press}
}

@book{walpole1993probability,
  title     = {Probability and statistics for engineers and scientists},
  author    = {Walpole, Ronald E and Myers, Raymond H and Myers, Sharon L and Ye, Keying},
  volume    = {5},
  year      = {1993},
  publisher = {Macmillan New York}
}

@book{devore2011probability,
  title     = {Probability and Statistics for Engineering and the Sciences},
  author    = {Devore, Jay L},
  year      = {2011},
  publisher = {Cengage learning}
}

@book{johnson2014applied,
  title     = {Applied multivariate statistical analysis},
  author    = {Johnson, Richard Arnold and Wichern, Dean W and others},
  volume    = {6},
  year      = {2014},
  publisher = {Pearson London, UK:}
}

@book{geron2019hands,
  title     = {Hands-on machine learning with Scikit-Learn, Keras, and TensorFlow: Concepts, tools, and techniques to build intelligent systems},
  author    = {G{\'e}ron, Aur{\'e}lien},
  year      = {2019},
  publisher = {" O'Reilly Media, Inc."}
}
